@article{alvim2007,
author = {Alvim, C. F. and  Eidelman, F. and Mafra, O. and Ferreira, O. C.},
title = {Energia nuclear em um cenário de trinta anos},
journal = {Estudos Avançados},
volume = {21},
number = {59},
pages = {197--220},
year  = {2007}
}

@dscthesis{belo2022,
  author       = {Belo, T. F.}, 
  title        = {Duas Metodologias de Cálculo do Fluxo de Nêutrons para o Problema de Depleção Isotópica em Sistema Subcrítico Guiado por Fonte Externa de Nêutrons em Estrutura de Malha Grossa},
  school       = {UFRJ/COPPE},
  year         = {2022},
  address      = {Rio de Janeiro}
}


@manual{mme2020,
  title        = {Plano Nacional de Energia},
  author       = {{Ministério de Minas e Energia -- MME}. and {EPE}, {Colaboração Empresa de Pesquisa Energética}.}, 
  organization = {Ministério de Minas e Energia},
  year         = {2020}
}
