@misc{rocky2025,
  author       = {Rocky Enterprise Software Foundation},
  title        = {The wiki for the Rocky Linux project},
  howpublished = {\url{https://wiki.rockylinux.org/}},
  year         = {2025},
  note         = {(Acesso em 27 jun. 2025)}
}

@misc{raspihw2025,
  author       = {Raspberry Pi Foundation},
  title        = {Raspberry Pi hardware - Raspberry Pi Documentation},
  howpublished = {\url{https://www.raspberrypi.com/documentation/computers/raspberry-pi.html}},
  year         = {2025},
  note         = {(Acesso em 26 jun. 2025)}
}

@misc{raspisftwr2025,
  author       = {Raspberry Pi Foundation},
  title        = {Raspberry Pi OS - Raspberry Pi Documentation},
  howpublished = {\url{https://www.raspberrypi.com/documentation/computers/os.html}},
  year         = {2025},
  note         = {(Acesso em 27 jun. 2025)}
}

@misc{orangepihw2025,
  author       = {Shenzhen Xunlong Software Co., Ltd.},
  title        = {Orange Pi - Orangepi},
  howpublished = {\url{http://www.orangepi.org/index.html}},
  year         = {2025},
  note         = {(Acesso em 26 jun. 2025)}
}

@misc{nuc2025,
  author       = {Intel Corporation},
  title        = {Support for Intel NUC},
  howpublished = {\url{https://www.intel.com/content/www/us/en/support/products/98414/intel-nuc.html}},
  year         = {2025},
  note         = {(Acesso em 27 jun. 2025)}
}

@misc{ubuntudsktp2025,
  author       = {Canonical Ltd.},
  title        = {Ubuntu Desktop PC operating system — Ubuntu},
  howpublished = {\url{https://ubuntu.com/desktop}},
  year         = {2025},
  note         = {(Acesso em 27 jun. 2025)}
}

@misc{ubuntusrvr2025,
  author       = {Canonical Ltd.},
  title        = {Ubuntu Server — for scale out workloads — Ubuntu},
  howpublished = {\url{https://ubuntu.com/server}},
  year         = {2025},
  note         = {(Acesso em 27 jun. 2025)}
}

@misc{docker2025,
  author       = {Docker Inc.},
  title        = {Docker Docs},
  howpublished = {\url{https://docs.docker.com/}},
  year         = {2025},
  note         = {(Acesso em 27 jun. 2025)}
}

@misc{dockercmpse2025,
  author       = {Docker Inc.},
  title        = {Docker Compose | Docker Docs},
  howpublished = {\url{https://docs.docker.com/compose/}},
  year         = {2025},
  note         = {(Acesso em 27 jun. 2025)}
}

@misc{virtualbox2025,
  author       = {Oracle Corporation},
  title        = {Oracle VirtualBox},
  howpublished = {\url{https://www.virtualbox.org}},
  year         = {2025},
  note         = {(Acesso em 27 jun. 2025)}
}

@misc{vmwareplayer2025,
  author       = {VMware Inc.},
  title        = {Fusion and Workstation | VMware},
  howpublished = {\url{https://www.vmware.com/products/desktop-hypervisor/workstation-and-fusion}},
  year         = {2025},
  note         = {(Acesso em 27 jun. 2025)}
}

